12006 9687
4344 375 1393 181 RUDIMENTS
5838 399 985 175 Contnued.

2667 582 862 133 Octave.

1224 717 172 100 An
1443 726 391 100 octave
1878 720 100 106 is
2025 750 139 82 an
2211 726 460 112 interval
2718 741 112 100 of
2874 741 292 130 eight
3210 744 481 127 degrees.
3828 744 232 103 The
4092 744 238 109 first
4365 768 391 91 octave
4773 759 388 133 begins
5202 798 136 67 on
5364 768 451 109 number

834 852 202 94 orite
1059 849 214 100 and
1305 849 484 106 includes
1842 861 322 124 eight,
2220 894 124 76 as
2397 867 442 115 follows;

1221 1437 346 106 There
1611 1449 94 94 is
1737 1473 70 73 a
1854 1452 433 121 general
2304 1458 331 97 scale
2670 1461 106 91 in
2814 1458 352 103 which
3213 1464 181 100 the
3432 1479 307 91 tones
3789 1479 445 97 extends
4278 1491 187 88 not
4512 1482 256 124 only
4803 1482 277 100 from
5130 1515 208 70 one
5373 1497 103 88 to
5517 1485 295 130 eight

819 1569 199 103 but
1065 1572 280 100 from
1398 1605 208 70 one
1641 1593 109 85 to
1797 1578 409 112 fifteen;
2346 1587 262 103 This
2661 1593 97 97 is
2811 1593 349 103 called

1995 1704 484 148 The
2547 1710 1144 160 Extended
3783 1725 682 154 Scale.

1224 1872 490 106 Number
1764 1878 295 133 eight
2106 1881 112 100 of
2268 1881 178 106 the
2490 1887 238 106 first
2778 1911 388 91 octave
3201 1905 94 97 is
3327 1908 451 97 number
3810 1935 211 76 one
4044 1911 109 100 of
4203 1911 178 103 the
4416 1911 403 100 second
4866 1932 421 103 octave,
5346 1926 202 97 viz:

1221 2847 154 100 So
1422 2844 184 109 the
1650 2850 238 109 first
1935 2871 391 91 octave
2379 2868 511 103 numbers
2934 2868 280 103 from
3270 2865 289 103 "one
3594 2880 109 88 to
3750 2868 376 130 eight"
4176 2871 211 100 and
4437 2871 181 106 the
4665 2880 406 103 second
5115 2898 385 85 octave
5529 2883 277 97 from

843 2973 346 127 'eight
1233 2991 109 91 to
1386 2982 460 103 fifteen"
1887 2991 217 100 and
2142 2991 181 106 the
2376 3000 280 103 third
2694 3003 283 100 from
3027 3003 466 100 "fifteen
3540 3015 112 88 to
3708 3000 742 127 twenty-two"
4548 3024 208 91 ect.
4902 3012 121 103 In
5109 3015 181 103 the
5379 3015 433 127 general

819 3114 325 118 scale,
1197 3117 106 94 in
1350 3117 448 106 the sam
1830 3153 241 100 way
2118 3129 253 103 with
2427 3138 139 100 all
2613 3135 568 103 addiiional
3222 3144 313 91 tones
3579 3162 118 70 or
3744 3150 487 103 octaves,
4281 3141 373 103 fifteen
4704 3147 322 130 being
5070 3153 454 97 number
5604 3180 208 70 one

822 3243 112 97 of
987 3243 181 106 the
1203 3249 277 103 third
1536 3267 415 103 octave,
2013 3276 646 118 twenty-two
2712 3273 454 97 number
3198 3294 211 70 one
3453 3267 121 100 of
3609 3264 178 103 the
3846 3264 271 106 third
4161 3288 388 94 octave
4596 3294 205 94 ect.

1218 3381 166 100 On
1428 3381 181 109 the
1659 3393 292 112 staff,
2004 3408 112 85 at
2169 3393 175 103 the
2379 3399 583 130 beginning
2991 3429 187 76 are
3213 3396 376 133 placed
3633 3402 625 106 characters
4302 3411 346 100 called
4695 3411 307 121 clefs,
5079 3405 145 121 G,
5280 3405 142 124 C,
5475 3414 208 106 and
5736 3417 79 97 F

816 3507 310 106 clefs.
1257 3519 100 97 A
1401 3522 217 100 clef
1647 3531 100 94 is
1776 3552 70 76 a
1887 3525 559 112 character
2493 3534 265 100 used
2811 3546 106 88 to
2955 3534 601 100 determine
3594 3531 181 103 the
3822 3564 325 73 name
4191 3543 214 97 and
4431 3543 292 127 pitch
4761 3543 115 109 of
5016 3561 316 94 notes
5400 3582 139 67 on
5634 3549 181 100 the

816 3645 265 100 staff
1122 3657 112 88 to
1257 3651 355 106 which
1653 3663 85 97 it
1779 3666 100 94 is
1923 3663 514 121 prefixed;

1212 3783 229 103 The
1710 3792 370 103 letters
2124 3822 184 76 are
2352 3798 376 124 placed
2778 3831 136 67 on
2967 3798 184 103 the
3198 3801 292 109 staff,
3537 3807 577 127 according
4164 3816 106 91 to
4314 3810 178 100 the
4545 3813 88 97 G
4683 3816 250 115 clef,
4998 3819 277 106 thus:

1884 5460 91 100 G
2019 5466 97 97 is
2163 5493 133 70 on
2334 5463 181 103 the
2556 5469 409 100 second
3000 5469 247 115 line,
3297 5469 313 103 when
3651 5475 181 100 the
3867 5472 100 103 G
4026 5478 214 97 clef
4275 5484 94 94 is
4416 5481 310 103 used.

1083 7188 136 118 C,
1260 7200 100 97 is
1407 7224 139 73 on
1584 7194 187 103 the
1812 7194 280 103 third
2118 7200 211 100 line
2361 7197 313 103 when
2709 7200 184 100 the
2931 7203 88 100 C
3048 7203 217 100 clef
3312 7206 94 100 is
3447 7206 301 103 used.

1344 8970 349 109 When
1764 8970 178 109 the
1989 8973 85 106 F
2118 8973 214 109 clef
2376 8979 103 106 is
2526 8976 292 118 used,
2880 8979 82 103 F
3006 8982 94 100 is
3144 9006 142 76 on
3339 8979 181 106 the
3564 8976 352 109 fourth
3963 8982 229 103 line
4239 8979 214 109 and
4509 9009 331 103 space
4884 8982 379 109 below.

7653 642 940 166 Musical
8682 660 733 160 Notes.

6327 810 358 112 There
6762 855 187 73 are
7023 831 619 118 characters
7686 855 112 100 in
7884 867 352 103 music
8268 864 352 103 called
8661 885 346 100 notes;
9060 873 190 103 the
9321 894 322 94 notes
9687 912 103 76 are
9918 882 397 136 placed
10356 918 139 67 on
10548 888 187 109 the
10776 888 262 106 staff

6045 975 217 100 and
6306 1011 190 73 are
6543 1005 892 106 representatives
7503 1017 112 94 of
7689 1026 472 100 musical
8205 1032 400 97 sounds
8649 1062 121 73 or
8853 1050 340 106 tones,
9246 1047 217 100 and
9507 1077 187 76 are
9732 1050 379 130 placed
10158 1080 139 70 on
10350 1050 181 100 the
10578 1053 274 100 staff
10905 1083 127 70 so

6045 1149 526 127 arranged
6612 1185 133 73 as
6783 1170 115 91 to
6939 1167 328 106 make
7308 1176 187 106 the
7536 1191 262 91 tune
7839 1185 448 127 desired.
8424 1191 232 106 The
8691 1209 451 115 position
9204 1209 112 97 of
9351 1212 181 103 the
9579 1227 310 94 notes
9936 1248 136 70 on
10113 1215 184 106 the
10323 1215 271 106 staff
10629 1215 406 103 is what

6045 1281 94 124 is
6183 1311 382 106 known
6612 1326 109 94 in
6777 1335 352 97 music
7176 1359 124 82 as
7344 1344 295 121 pitch
7689 1350 112 94 of
7851 1365 334 94 tones.

6327 1479 145 100 18.
6555 1482 322 112 What
6963 1518 184 82 are
7212 1500 301 103 these
7584 1527 307 88 notes
7977 1521 340 103 called
8355 1524 61 100 ?
8553 1524 283 112 Give
8922 1536 178 100 the
9171 1569 385 76 names
9603 1545 115 100 of
9789 1548 295 103 them
10128 1557 109 94 in
10293 1548 280 109 each
10614 1557 415 121 system

6042 1638 478 112 whether
6672 1686 139 70 fur
6861 1683 118 76 or
7023 1692 334 76 seven
7410 1689 310 91 notes
7767 1710 184 73 are
8001 1689 307 103 used.

6315 1812 115 100 In
6504 1815 238 103 four
6804 1821 418 115 headed
7287 1854 307 88 notes
7662 1845 253 130 they
7986 1881 190 76 are
8238 1863 367 100 called
8673 1815 316 169 Mi,
9024 1863 691 130 Fa, Sol,
9747 1872 310 124 La,
10104 1884 244 103 four
10389 1890 112 94 in
10536 1881 493 109 number.

6036 1977 130 97 In
6213 1983 373 115 round,
6648 2019 115 70 or
6810 2019 331 82 seven
7191 1998 409 133 shaped
7647 2031 340 103 notes,
8046 2022 256 115 they
8346 2058 184 73 are
8565 2034 349 103 called
8958 2037 163 100 Do
9342 2034 244 121 Ray
9804 2031 127 130 ,
9999 2049 295 124 Fa,
10329 2049 190 106 Sol
10725 2040 301 124 La,

6051 2145 214 97 See
6330 2133 190 142 [by
6570 2139 355 148 some]
6990 2154 226 109 Tee
7257 2160 127 124 ,
7446 2166 496 112 however
8037 2190 142 100 all
8235 2205 310 91 tones
8625 2226 202 76 can
8919 2199 139 103 be
9126 2202 388 130 played
9582 2232 121 73 or
9753 2235 283 100 sung
10083 2223 103 88 to
10236 2214 244 103 four
10527 2241 115 73 or
10689 2238 337 76 seven

6048 2319 343 106 notes,
6438 2313 475 109 whether
6960 2325 259 133 they
7260 2337 145 97 be
7437 2343 346 100 rouud
7821 2376 118 70 or
7968 2352 442 130 shaped.

6312 2478 226 103 The
6621 2478 541 148 following
7230 2508 556 124 examples
7863 2514 355 109 shows
8265 2526 181 103 the
8493 2541 451 115 position
8994 2529 115 109 of
9192 2538 181 103 the
9408 2556 310 88 notes
9762 2574 136 70 on
9954 2544 181 103 the
10179 2550 259 97 staff
10476 2547 313 103 when
10845 2550 184 103 the

6045 2643 238 103 four
6324 2634 340 139 shape
6711 2670 412 112 system
7173 2667 97 97 is
7296 2673 307 103 used.

7239 2895 490 115 TENOR
7797 2913 199 103 OR
8058 2916 562 112 TREBLE
8691 2934 475 106 STAFF.
9252 2931 187 136 (G.
9498 2940 325 130 Clef.)

6318 5034 229 103 The
6597 5037 124 115 C,
6783 5067 115 70 or
6942 5037 250 100 Alto
7239 5037 217 103 clef
7497 5037 358 103 shows
7905 5040 178 103 the
8133 5052 451 118 position
8637 5055 112 97 of
8799 5052 178 106 the
9021 5073 310 88 notes
9378 5094 121 73 as
9549 5070 442 106 follows:

6444 7089 232 103 The
6723 7092 82 100 F
6858 7089 220 100 clef
7122 7116 118 73 or
7302 7092 271 97 Bass
7614 7089 253 115 clef,
7923 7092 91 97 is
8058 7092 160 97 for
8274 7098 286 97 male
8604 7104 403 112 voices,
9060 7104 211 100 and
9321 7110 355 106 shows
9732 7122 181 100 the
9960 7134 307 88 notes
10320 7119 244 103 thus :
